<?xml version='1.0' encoding='UTF-8'?>

<mets xmlns:dcterms='http://purl.org/dc/terms/' xmlns='http://www.loc.gov/METS/' LABEL='Volltext // 2012 digitalisiert von: Universitätsbibliothek Regensburg. Exemplar mit der Signatur: Universitätsbliothek Regensburg -- 9123/YI 6504 K93' xmlns:xlink='http://www.w3.org/1999/xlink' xsi:schemaLocation='http://www.loc.gov/METS/ http://www.loc.gov/standards/mets/version16/mets.xsd' OBJID='ubr00003' xmlns:xsi='http://www.w3.org/2001/XMLSchema-instance' xmlns:dc='http://purl.org/dc/elements/1.1/'><metsHdr CREATEDATE='2012-09-20T08:34:31' RECORDSTATUS='new'><agent TYPE='OTHER' OTHERTYPE='Software' ROLE='CREATOR'><name>Remedi (0.05)(c) Universitätsbibliothek Regensburg/Bibliotheksverbund Bayern Verbundzentrale</name>
</agent>
<agent TYPE='INDIVIDUAL' ROLE='EDITOR'><name>ubr00003</name>
<note />
</agent>
</metsHdr>
<dmdSec ID='dmd-marc'><mdWrap MDTYPE='MARC'><xmlData><record xmlns='http://www.loc.gov/MARC21/slim'><leader>01062nam a2200289 c 4500</leader>
<controlfield tag='001'>B3Kat BV022193304</controlfield>
<controlfield tag='005'>20070426        </controlfield>
<controlfield tag='007'>t</controlfield>
<controlfield tag='008'>061214s2006       ad||  m||| 00||| ger d</controlfield>
<datafield ind1=' ' ind2=' ' tag='040'><subfield code='a'>DE-604</subfield>
<subfield code='e'>rakwb</subfield>
</datafield>
<datafield ind1='1' ind2=' ' tag='100'><subfield code='a'>Krömer, Alexander Helmut Kurt</subfield>
<subfield code='d'>1977-</subfield>
<subfield code='0'>(DE-588)132503212</subfield>
<subfield code='4'>aut</subfield>
</datafield>
<datafield ind1='1' ind2='0' tag='245'><subfield code='a'>Therapeutische Potenz adenoviral-exprimierter, löslicher MHC-Klasse I Antigene in der Organtransplantation im Rattenmodell</subfield>
<subfield code='c'>vorgelegt von Alexander Helmut Kurt Krömer</subfield>
</datafield>
<datafield ind1=' ' ind2=' ' tag='260'><subfield code='c'>2006</subfield>
</datafield>
<datafield ind1=' ' ind2=' ' tag='300'><subfield code='a'>IX, 101 S.</subfield>
<subfield code='b'>Ill., graph. Darst.</subfield>
</datafield>
<datafield ind1=' ' ind2=' ' tag='035'><subfield code='a'>(DE-599)BVBBV022193304</subfield>
</datafield>
<datafield ind1=' ' ind2=' ' tag='035'><subfield code='a'>(OCoLC)162470650</subfield>
</datafield>
<datafield ind1=' ' ind2=' ' tag='049'><subfield code='a'>DE-355</subfield>
<subfield code='a'>DE-19</subfield>
<subfield code='a'>DE-12</subfield>
</datafield>
<datafield ind1=' ' ind2=' ' tag='084'><subfield code='a'>XD 3104</subfield>
<subfield code='2'>rvk</subfield>
</datafield>
<datafield ind1=' ' ind2=' ' tag='084'><subfield code='a'>YI 6504</subfield>
<subfield code='2'>rvk</subfield>
</datafield>
<datafield ind1=' ' ind2=' ' tag='500'><subfield code='a'>Regensburg, Univ., Diss., 2006</subfield>
</datafield>
<datafield ind1='0' ind2='7' tag='650'><subfield code='0'>(DE-588)4025164-0</subfield>
<subfield code='a'>HLA-System</subfield>
<subfield code='2'>gnd</subfield>
</datafield>
<datafield ind1='0' ind2='7' tag='650'><subfield code='0'>(DE-588)4060675-2</subfield>
<subfield code='a'>Transplantation</subfield>
<subfield code='2'>gnd</subfield>
</datafield>
<datafield ind1='0' ind2='7' tag='650'><subfield code='0'>(DE-588)4313494-4</subfield>
<subfield code='a'>MHC Klasse I</subfield>
<subfield code='2'>gnd</subfield>
</datafield>
<datafield ind1='0' ind2='0' tag='689'><subfield code='0'>(DE-588)4060675-2</subfield>
<subfield code='D'>s</subfield>
<subfield code='a'>Transplantation</subfield>
</datafield>
<datafield ind1='0' ind2='1' tag='689'><subfield code='0'>(DE-588)4025164-0</subfield>
<subfield code='D'>s</subfield>
<subfield code='a'>HLA-System</subfield>
</datafield>
<datafield ind1='0' ind2='2' tag='689'><subfield code='0'>(DE-588)4313494-4</subfield>
<subfield code='D'>s</subfield>
<subfield code='a'>MHC Klasse I</subfield>
</datafield>
<datafield ind1='0' ind2=' ' tag='689'><subfield code='C'>b</subfield>
<subfield code='5'>DE-604</subfield>
</datafield>
<datafield ind1=' ' ind2=' ' tag='852'><subfield code='a'>DE-355</subfield>
<subfield code='j'>9123/YI 6504 K93</subfield>
</datafield>
</record>
</xmlData>
</mdWrap>
</dmdSec>
<amdSec>
  <sourceMD ID='ubr00003_urn'>
    <mdWrap OTHERMDTYPE='preservation_md' MDTYPE='OTHER'>
      <xmlData>
        <object xmlns='http://www.loc.gov/standards/premis'>
          <objectIdentifier>
            <objectIdentifierType>URN</objectIdentifierType>
            <objectIdentifierValue>urn:nbn:de:bvb:355-ubr00003-4</objectIdentifierValue>
          </objectIdentifier>
        </object>
      </xmlData>
    </mdWrap>
  </sourceMD>
</amdSec>
<fileSec><fileGrp ID='Filegrp-1' USE='archive'><file SIZE='800560' ID='ubr00003_0001_tif_file' GROUPID='1' CHECKSUM='cac550763dea8583132fd39c53c52868' CHECKSUMTYPE='MD5' SEQ='1'><FLocat LOCTYPE='URL' xlink:href='file://streams/ubr00003_0001.tif' />
</file>
<file SIZE='763748' ID='ubr00003_0002_tif_file' GROUPID='2' CHECKSUM='6a67eb88d2d170cb68a00a4742bdad85' CHECKSUMTYPE='MD5' SEQ='2'><FLocat LOCTYPE='URL' xlink:href='file://streams/ubr00003_0002.tif' />
</file>
<file SIZE='973892' ID='ubr00003_0003_tif_file' GROUPID='3' CHECKSUM='6cffb6e7c200f09f21f971b6d9157bc7' CHECKSUMTYPE='MD5' SEQ='3'><FLocat LOCTYPE='URL' xlink:href='file://streams/ubr00003_0003.tif' />
</file>
</fileGrp>
<fileGrp ID='Filegrp-2' USE='reference'><file SIZE='389452' ID='ubr00003_pdf_file' GROUPID='0' CHECKSUM='3d2da68602511a079b3e02fcd990f7d5' DMDID='dmd-ubr00003' CHECKSUMTYPE='MD5' SEQ='0'><FLocat LOCTYPE='URL' xlink:href='file://streams/ubr00003.pdf' />
</file>
</fileGrp>
</fileSec>
<structMap ID='p1' LABEL='Bilderfolge' TYPE='physical'><div ID='p2' LABEL='Therapeutische Potenz adenoviral-exprimierter, löslicher MHC-Klasse I Antigene in der Organtransplantation im Rattenmodell' TYPE='Buch'><div ORDER='0' LABEL='PDF'><fptr FILEID='ubr00003_pdf_file' />
</div>
<div ORDER='1' LABEL='i'><fptr FILEID='ubr00003_0001_tif_file' />
</div>
<div ORDER='2' LABEL='Seite 2'><fptr FILEID='ubr00003_0002_tif_file' />
</div>
<div ORDER='3' LABEL='Seite 3'><fptr FILEID='ubr00003_0003_tif_file' />
</div>
</div>
</structMap>
  <structMap ID='p1' LABEL='Bilderfolge' TYPE='logical'>
    <div ID='p2' LABEL='Therapeutische Potenz adenoviral-exprimierter, löslicher MHC-Klasse I Antigene in der Organtransplantation im Rattenmodell' TYPE='Buch'>
      <div ORDER='0' LABEL='PDF'>
        <fptr FILEID='ubr00003_pdf_file' />
      </div>
    </div>
  </structMap>
</mets>